@misc{ECDARNETreleasenotes,
	title = {Download},
	url = {https://www.ecdar.net/download/},
	author = {ECDAR},
	year = {2022},
	addendum = {(Accessed on 07/10/2022)}
}

@misc{schwaber_sutherland_2022, title={Scrum Guide | Scrum Guides}, url={https://scrumguides.org/scrum-guide.html}, journal={Scrumguides.org}, author={Schwaber, Ken and Sutherland, Jeff}, year={2022} }

@article{article,
author = {Sutherland, Jeff},
year = {2001},
month = {12},
pages = {5-11},
title = {Agile Can Scale: Inventing and Reinventing SCRUM in Five Companies},
volume = {14}
}

@book{alancline,
year = {2015},
author = {Cline, Alan},
address = {Berkeley, CA},
booktitle = {Agile Development in the Real World /},
edition = {Elektronisk udgave.},
isbn = {9781484216798},
keywords = {Business},
language = {eng},
publisher = {Apress},
title = {Agile Development in the Real World },
}

@book{modelchecking-handbook,
    year = {2018},
    address = {Cham},
    booktitle = {Handbook of Model Checking /},
    edition = {Elektronisk udgave.},
    isbn = {9783319105758},
    keywords = {Computer science},
    language = {eng},
    publisher = {Springer International Publishing},
    title = {Handbook of Model Checking },
    author = {Clarke, Edmund M. and Henzinger, Thomas A. and Veith, Helmut and Bloem, Roderick},
    url = {https://link.springer.com/content/pdf/10.1007/978-3-319-10575-8.pdf}
}

@misc{oedscrum,
title={scrum, n.}, 
author={Oxford University Press},
month={September},
year={2022},
url={https://www.oed.com/view/Entry/173724?isAdvanced=false&result=1&rskey=0P3GOj&}
}

@book{sommerville,
year = {2016},
author = {Sommerville, Ian.},
address = {Harlow},
booktitle = {Software engineering /},
edition = {Tenth edition, Global edition.},
isbn = {9781292096131},
keywords = {Computers and IT},
language = {eng},
publisher = {Pearson},
title = {Software engineering },
}


@misc{beck2001agile,
  added-at = {2007-12-30T11:39:05.000+0100},
  author = {Beck, Kent and Beedle, Mike and van Bennekum, Arie and Cockburn, Alistair and Cunningham, Ward and Fowler, Martin and Grenning, James and Highsmith, Jim and Hunt, Andrew and Jeffries, Ron and Kern, Jon and Marick, Brian and Martin, Robert C. and Mellor, Steve and Schwaber, Ken and Sutherland, Jeff and Thomas, Dave},
  biburl = {https://www.bibsonomy.org/bibtex/28954248a545d88dd2c0e688d1c7e2f9d/juve},
  booktitle = {Manifesto for Agile Software Development},
  description = {Manifesto for Agile Software Development},
  interhash = {098cc7e185f10c3da390459a01e0d535},
  intrahash = {8954248a545d88dd2c0e688d1c7e2f9d},
  keywords = {imported},
  timestamp = {2007-12-30T11:39:05.000+0100},
  title = {Manifesto for Agile Software Development},
  url = {http://www.agilemanifesto.org/},
  year = 2001
}




@misc{gRPC,
  title={grpc.io},
  url= {https://grpc.io},
  journal={https://grpc.io},
  author={gRPC},
  note={Accessed: 2022-09-22},
  year={2022}
}

@misc{ECDARNET,
  title={ECDAR.NET},
  url= {https://www.ecdar.net/},
  journal={https://www.ecdar.net/},
  author={ECDAR},
  note={Accessed: 2022-09-22},
  year={2022}
}

@article{Gundersen_2018,
	doi = {10.4204/eptcs.277.11},
  
	url = {https://doi.org/10.4204\%2Feptcs.277.11},
  
	year = 2018,
	month = {sep},
  
	publisher = {Open Publishing Association},
  
	volume = {277},
  
	pages = {147--160},
  
	author = {Tobias R. Gundersen and Florian Lorber and Ulrik Nyman and Christian Ovesen},
  
	title = {Effortless Fault Localisation: Conformance Testing of Real-Time Systems in Ecdar},
  
	journal = {Electronic Proceedings in Theoretical Computer Science}
}


@inproceedings{Ulrik_et_al_2010,
title = "ECDAR: An Environment for Compositional Design and Analysis of Real Time Systems",
author = "Alexandre David and Larsen, {Kim Guldstrand} and Ulrik Nyman and Axel Legay and Andrzej Wasowski",
year = "2010",
doi = "10.1007/978-3-642-15643-4_29",
language = "English",
volume = "6252",
pages = "365--370",
journal = "Lecture Notes in Computer Science",
issn = "0302-9743",
publisher = "Physica-Verlag",
}


@misc{spanner_scrum_nodate,
	title = {Scrum of scrums},
	url = {https://www.atlassian.com/agile/scrum/scrum-of-scrums},
	abstract = {Scrum of scrums is a scaled agile technique that offers a way to connect multiple teams who need to work together to deliver complex solutions.},
	language = {en},
	urldate = {2022-09-29},
	journal = {Atlassian},
	author = {Spanner, Chris},
	file = {Snapshot:C\:\\Users\\Bruger\\Zotero\\storage\\FIMU64P8\\scrum-of-scrums.html:text/html},
}

@misc{google_protocol_nodate,
	title = {Protocol {Buffers}},
	url = {https://developers.google.com/protocol-buffers},
	abstract = {Protocol buffers are a language-neutral, platform-neutral extensible mechanism for serializing structured data.},
	language = {en},
	urldate = {2022-10-07},
	journal = {Google Developers},
 	author = {Google},
}

@inproceedings{ecdartheory,
    title = "Timed I/O automata: a complete specification theory for real-time systems",
    author = "Alexandre David and Larsen, {Kim Guldstrand} and Ulrik Nyman and Axel Legay and Andrzej Wasowski",
    year = "2010",
    doi = "10.1145/1755952.1755967",
    language = "English",
    booktitle = "Proceedings of the 13th ACM international conference on Hybrid systems: computation and control",
    publisher = "Association for Computing Machinery",
    address = "United States",
    url = {https://vbn.aau.dk/ws/portalfiles/portal/58768871/HSCC2010cameraready.pdf}
}

@book{modelchecking_handbook,
    year = {2018},
    address = {Cham},
    booktitle = {Handbook of Model Checking /},
    edition = {Elektronisk udgave.},
    isbn = {9783319105758},
    keywords = {Computer science},
    language = {eng},
    publisher = {Springer International Publishing},
    title = {Handbook of Model Checking },
    author = {Clarke, Edmund M. and Henzinger, Thomas A. and Veith, Helmut and Bloem, Roderick},
    url = {https://link.springer.com/content/pdf/10.1007/978-3-319-10575-8.pdf}
}
